% Encoding: UTF-8

@Article{tibshirani2001estimating,
  author    = {Tibshirani, Robert and Walther, Guenther and Hastie, Trevor},
  journal   = {Journal of the Royal Statistical Society: Series B (Statistical Methodology)},
  title     = {Estimating the number of clusters in a data set via the gap statistic},
  year      = {2001},
  number    = {2},
  pages     = {411--423},
  volume    = {63},
  publisher = {Wiley Online Library},
}

@Article{,
}

@Comment{jabref-meta: databaseType:bibtex;}
